@misc{bert,
    title={BERT: Pre-training of Deep Bidirectional Transformers for Language Understanding}, 
    author={Jacob Devlin and Ming-Wei Chang and Kenton Lee and Kristina Toutanova},
    year={2019},
    eprint={1810.04805},
    archivePrefix={arXiv},
    primaryClass={cs.CL},
}

@inproceedings{transformers,
    author = {Wolf, Thomas and Debut, Lysandre and Sanh, Victor and Chaumond, Julien and Delangue, Clement and Moi, Anthony and Cistac, Perric and Ma, Clara and Jernite, Yacine and Plu, Julien and Xu, Canwen and Le Scao, Teven and Gugger, Sylvain and Drame, Mariama and Lhoest, Quentin and Rush, Alexander M.},
    month = oct,
    pages = {38--45},
    publisher = {Association for Computational Linguistics},
    title = {{Transformers: State-of-the-Art Natural Language Processing}},
    url = {https://www.aclweb.org/anthology/2020.emnlp-demos.6},
    year = {2020}
}

@inproceedings{GlasmanDeal2009ScienceRW,
    title={Science Research Writing for Non-Native Speakers of English},
    author={Hilary Glasman-Deal},
    year={2009},
    publisher={World Scientific},
    url={https://books.google.de/books?id=nu9LZ1x8l8oC&lpg=PP1&hl=de&pg=PP4#v=onepage&q&f=false}
}